@article{frank1956algorithm,
  title={An algorithm for quadratic programming},
  author={Frank, Marguerite and Wolfe, Philip and others},
  journal={Naval research logistics quarterly},
  volume={3},
  number={1-2},
  pages={95--110},
  year={1956},
  publisher={Wiley Subscription Services, Inc., A Wiley Company New York}
}

@inproceedings{jaggi2013revisiting,
  title={Revisiting Frank-Wolfe: Projection-free sparse convex optimization},
  author={Jaggi, Martin},
  booktitle={International Conference on Machine Learning},
  pages={427--435},
  year={2013},
  organization={PMLR}
}
